@article{popescu2014gamygdala,
  author={Popescu, Adrian and Broekens, Joost and van Someren, Maarten},
  title={{GAMYGDALA}: An emotion engine for games},
  year={2014},
  volume={5},
  pages={32--44}
}

@article{hudlicka2002time,
  author={Hudlicka, Eva},
  title={This time with feeling: Integrated model of trait and state effects on cognition and behavior},
  journal={Applied Artifical Intelligence},
  year={2019},
  volume={16},
  number={7-8},
  pages={611--641}
}
